%% This BibTeX bibliography file was created using BibDesk.
%% http://bibdesk.sourceforge.net/


%% Created for RUI SANTOS CRUZ at 2013-05-04 18:56:28 +0100 


%% Saved with string encoding Unicode (UTF-8) 



@book{arroz:2007,
	Author = {Guilherme Arroz and Jos{\'e} Monteiro and Arlindo Oliveira},
	Date-Added = {2013-05-04 17:54:44 +0000},
	Date-Modified = {2013-05-04 17:56:04 +0000},
	Keywords = {computadores},
	Month = {Jan.},
	Publisher = {{IST Press}},
	Title = {{Arquitectura de Computadores: dos Sistemas Digitais aos Microprocessadores}},
	Year = {2007}}

@book{delgado:2010,
	Author = {Jos{\'e} Delgado and Carlos Ribeiro},
	Date-Modified = {2013-05-04 17:53:37 +0000},
	Edition = {4},
	Keywords = {computadores, processadores, assembly},
	Month = {Sep.},
	Publisher = {{FCA}},
	Title = {{Arquitectura de Computadores}},
	Year = {2010}}
